<?xml version="1.0" encoding="UTF-8"?><collection xmlns="http://www.loc.gov/MARC21/slim"><record><leader>00385nam--2200121-i-4500</leader><controlfield tag="001">000028149</controlfield><controlfield tag="002">20161230</controlfield><controlfield tag="005">20161230201037</controlfield><controlfield tag="008">060222s1000------------r-----000-0-eng-d</controlfield><datafield ind1=" " ind2=" " tag="100"><subfield code="a">Leibried, Wolfgang</subfield></datafield><datafield ind1=" " ind2=" " tag="245"><subfield code="a">Oberflacheneigenschaften und sinterverhalten verschieden kalzinierter und gemahlener tonerden</subfield></datafield><datafield ind1=" " ind2=" " tag="260"><subfield code="a">Stuttgart, Technischen Hochschule, 1957, 75p., 27 Fig</subfield></datafield><datafield ind1=" " ind2=" " tag="852"><subfield code="a">5783</subfield></datafield></record></collection>